@misc{wikiCaribou,
   author = {Wikipedia},
   title = {Caribou},
   year = {2015},
   howpublished = {\url{https://en.wikipedia.org/wiki/Caribou}}
 }

@misc{ipcc,
   author = {IPCC},
   title = {SCENARIO PROCESS FOR AR5},
   year = {2014},
   howpublished = {\url{http://sedac.ipcc-data.org/ddc/ar5_scenario_process/RCPs.html}}
}

@misc{ipcc4ar,
   author = {IPCC},
   title = {Climate, environment and socio-economic state},
   howpublished = {\url{https://www.ipcc.ch/publications_and_data/ar4/wg2/en/ch15s15-2.html#15-2-1}}
}

@misc{usfs,
   author = {USFS},
   title = {Cladonia (Cladina) spp},
   howpublished = {\url{http://www.fs.fed.us/database/feis/lichens/claspp/all.html}}
}
